%bechnmarking key pair generation, key agreement using wolfSSL library on MCU 
@INPROCEEDINGS{ecdh-embedded-bench,
  author={Gebauer, Lisa and Trsek, Henning and Heiss, Stefan},
  booktitle={2022 IEEE 18th International Conference on Factory Communication Systems (WFCS)}, 
  title={Secure Communication in Factories - Benchmarking Elliptic Curve Diffie-Hellman Key Exchange Implementations on an Embedded System}, 
  year={2022},
  volume={},
  number={},
  pages={1-4},
  keywords={Performance evaluation;Elliptic curves;Benchmark testing;Approximation algorithms;Libraries;Production facilities;Timing;secure;factory communication;elliptic curves;ECDHKE;performance;embedded},
  doi={10.1109/WFCS53837.2022.9779189}}

% ECC in ZKP -- pairing
@online{bench-pair-ecc,
    author={Youssef El Housni,Gautam Botrel},
    title={Benchmarking pairing-friendly elliptic curves libraries},
    year={2021},
    url = {https://hackmd.io/@gnark/eccbench},
    urldate = {2024-06-17}}

% ZKP benchmarking
@misc{snark-bench,
      author = {Jens Ernstberger and Stefanos Chaliasos and George Kadianakis and Sebastian Steinhorst and Philipp Jovanovic and Arthur Gervais and Benjamin Livshits and Michele Orrù},
      title = {zk-Bench: A Toolset for Comparative Evaluation and Performance Benchmarking of {SNARKs}},
      howpublished = {Cryptology ePrint Archive, Paper 2023/1503},
      year = {2023},
      note = {\url{https://eprint.iacr.org/2023/1503}},
      url = {https://eprint.iacr.org/2023/1503}
}

% ZKP benchmarking -- https://www.zk-bench.org/

% benchmarks of MIRACL ECC library -- https://github.com/miracl/MIRACL/blob/master/docs/miracl-explained/benchmarks.md

% rand point generation with diff libraries -- OpenSSL, LibECC, own Python
@inproceedings{vut-bench,
  author = {Josef Brychta},
  booktitle = {Proceedings of the 25st Conference STUDENT EEICT 2019},
  title = {Benchmarks With Points On Elliptic Curves},
  publisher = {Vysoké učení technické v Brně, Fakulta elektrotechniky a komunikačních technologií},
  year = {2019},
  pages = {520-524},
  isbn = {978-80-214-5735-5},
  urldate = {2024-06-17},
  url = {http://hdl.handle.net/11012/186727},
}

% faster modular multip + compare with SUN MicroSystems
 @CONFERENCE{mod-arti-bench,
    author =   {Leif Uhsadel and
		 Axel Poschmann and
		 Christof Paar},
    editor =    {},
    title =     {An Efficient General Purpose Elliptic Curve Cryptography},
    year =      {2007},
    pages =     {95-104},
    booktitle =   {ECRYPT Workshop, SPEED - Software Performance Enhancement for Encryption and Decryption},
  }

% ECC vs RSA digital signature
  @INPROCEEDINGS {ecc-rsa-para-bench,
author = {G. Dimitoglou and C. Jim},
booktitle = {2023 Congress in Computer Science, Computer Engineering, Applied Computing (CSCE)},
title = {Benchmarking the Elliptic Curve Digital Signature Algorithm and RSA in Key Signing and Verification Operations with Parallelism},
year = {2023},
volume = {},
issn = {},
pages = {2521-2527},
keywords = {resistance;degradation;elliptic curves;parallel processing;benchmark testing;elliptic curve cryptography;encryption},
doi = {10.1109/CSCE60160.2023.00405},
url = {https://doi.ieeecomputersociety.org/10.1109/CSCE60160.2023.00405},
publisher = {IEEE Computer Society},
address = {Los Alamitos, CA, USA},
month = {jul}
}

% diff types of coordinates
@article{eff-jacobi,
author = {Eid, Wesam and Al-Somani, Turki and Silaghi, Marius},
year = {2022},
month = {09},
pages = {3123},
title = {Efficient Elliptic Curve Operators for Jacobian Coordinates},
volume = {11},
journal = {Electronics},
doi = {10.3390/electronics11193123}
}

@misc{cyphernomicon,
author={Timothy C. May},
booktitle={The Cyphernomicon},
title={The Crypto-Anarchist Manifesto}
}

@article{ecc_overview,
doi = {10.1088/1742-6596/2386/1/012019},
url = {https://dx.doi.org/10.1088/1742-6596/2386/1/012019},
year = {2022},
month = {dec},
publisher = {IOP Publishing},
volume = {2386},
number = {1},
pages = {012019},
author = {Yuhan Yan},
title = {The Overview of Elliptic Curve Cryptography (ECC)},
journal = {Journal of Physics: Conference Series},

}